@ONLINE{ASH:2013:Online,
author = {Varios Autores},
title = {Archivo Situacionista Hispano, tipo {@ONLINE}},
year = {1999},
url = {https://verbosus.com/bibtex-style-examples.html},
urldate = {2013-10-01}
}

@book{ogata1987dinamica,
	title={Din{\'a}mica de sistemas},
	author={Ogata, Katsuhiko and Sanchez, Guillermo Lopez Portillo},
	year={1987},
	publisher={Prentice-Hall Hispanoamericana}
}