@article{article01,
    author = "Albert Einstein",
    title = "{Zur Elektrodynamik bewegter K{\"o}rper}. ({German})
    [{On} the electrodynamics of moving bodies]",
    journal = "Annalen der Physik",
    volume = "322",
    number = "10",
    pages = "891--921",
    year = "1905",
    DOI = "http://dx.doi.org/10.1002/andp.19053221004",
    keywords = "physics"
}
@misc{savagenotes,
      author = "Jes√∫s Savage",
      title = "{redes Neuronales}",
      month = "Mayo",
      year = "2021",
      url = "https://biorobotics.fi-p.unam.mx/ 
        wp-content/uploads/Courses/ 
        reconocimiento\_de\_patrones/2021-2/lecciones/"
}
@book{book01,
    title = {The Principles of Quantum Mechanics},
    author = {Paul Adrien Maurice Dirac},
    isbn = {9780198520115},
    series = {International series of monographs on physics},
    year = {1981},
    publisher = {Clarendon Press},
    keywords = {physics}
}

@online{online01,
    author = "Donald Knuth",
    title = "Knuth: Computers and Typesetting",
    url  = "http://www-cs-faculty.stanford.edu/~uno/abcde.html",
    addendum = "(accessed: 01.09.2016)",
    keywords = "latex,knuth"
}

@inbook{inbook01,
    author = "Donald E. Knuth",
    title = "Fundamental Algorithms",
    publisher = "Addison-Wesley",
    year = "1973",
    chapter = "1.2",
    keywords  = "knuth,programming"
}

@article{schoolar,
  title={Towards a Definition of Knowledge Graphs.},
  author={Ehrlinger, Lisa and W{\"o}{\ss}, Wolfram},
  journal={SEMANTiCS (Posters, Demos, SuCCESS)},
  volume={48},
  number={1-4},
  pages={2},
  year={2016},
  publisher={Citeseer}
}
