@article{article, 
	author={Peter Adams}, 
	title={The title of the work}, 
	journal={The name of the journal}, 
	year=1993, 
	number=2, 
	pages={201-203}, 
	volume = 4
}

%En LaTeX

%Carga la bibliografia
%\bibliography{bib/biblio}	%Carpeta/archivo
%\bibliographystyle{plain} %Podemos poner como parametro apalike para que lo muestre en formato apa

%Para imprimir la bibliografia usamos

%\cite{article}

%Google academics
%Buscamos un libro, en la parte de cite nos muestra un formato de la bibliografia en formato Bibtex

